@InCollection{andersen99,
author = {Henrik Reif Andersen},
title = {An Introduction to Binary Decision Diagrams},
booktitle = {In Lecture notes for Efficient Algorithms and Programs},
OPTcrossref = {•},
OPTkey = {},
OPTpages = {•},
OPTpublisher = {•},
OPTyear = {1999},
OPTeditor = {•},
OPTvolume = {•},
OPTnumber = {•},
OPTseries = {•},
OPTtype = {•},
OPTchapter = {•},
OPTaddress = {•},
OPTedition = {•},
OPTmonth = {•},
OPTnote = {•},
OPTannote = {•}
}

@InProceedings{bryant86,
author = {Randal E. Bryant},
title = {Graph-based algorithms for Boolean function manipulation},
booktitle = {IEEE Transactions on Computers},
OPTcrossref = {•},
OPTkey = {},
OPTpages = {677--691},
OPTyear = {1986},
OPTeditor = {•},
OPTvolume = {•},
OPTnumber = {•},
OPTseries = {•},
OPTaddress = {•},
OPTmonth = {•},
OPTorganization = {•},
OPTpublisher = {•},
OPTnote = {•},
OPTannote = {•}
}

@InProceedings{cook71,
author = {Stephen Arthur Cook},
title = {The complexity of theorem-proving procedures},
booktitle = {Proceedings of the Third Annual ACM Symposium on the Theory of Computing},
OPTcrossref = {•},
OPTkey = {},
OPTpages = {151--158},
OPTyear = {1971},
OPTeditor = {•},
OPTvolume = {•},
OPTnumber = {•},
OPTseries = {•},
OPTaddress = {•},
OPTmonth = {•},
OPTorganization = {Association for Computing Machinery},
OPTpublisher = {•},
OPTnote = {•},
OPTannote = {•}
}

@Book{vlsi,
ALTauthor = {Christoph Meinel and Thorsten Theobald},
ALTeditor = {•},
title = {Algorithms and Data Structures in VLSI Design},
publisher = {Springer-Verlag},
year = {1990},
OPTkey = {},
OPTvolume = {•},
OPTnumber = {•},
OPTseries = {•},
OPTaddress = {•},
OPTedition = {•},
OPTmonth = {•},
OPTnote = {•},
OPTannote = {•}
}

@TechReport{jansen01,
author = {Geert Jansen},
title = {Design of a Pointerless BDD Package},
institution = {IBM T.J. Watson Research Center},
year = {2001},
OPTkey = {•},
OPTtype = {•},
OPTnumber = {•},
OPTaddress = {•},
OPTmonth = {•},
OPTnote = {•},
OPTannote = {•}
}

@Misc{buddy,
author = {Jørn Lind-Nielsen},
title = {BuDDy: a BDD package},
howpublished={\url{http://sourceforge.net/projects/buddy/}},
OPTkey = {•},
OPTauthor = {•},
OPTtitle = {•},
OPThowpublished = {•},
OPTmonth = {•},
OPTyear = {•},
OPTnote = {•},
OPTannote = {•}
}

@InProceedings{brb90,
author = {Karl S. Brace and Richard L. Rudell and Randal E. Bryant},
title = {Efficient Implementation of a BDD Package},
booktitle = {27th ACM/IEEE Design Automation Conference},
OPTcrossref = {•},
OPTkey = {•},
OPTpages = {40--45},
OPTyear = {1990},
OPTeditor = {•},
OPTvolume = {•},
OPTnumber = {•},
OPTseries = {•},
OPTaddress = {•},
OPTmonth = {•},
OPTorganization = {•},
OPTpublisher = {•},
OPTnote = {•},
OPTannote = {•}
}